<collection xmlns="http://www.loc.gov/MARC21/slim">
<record>
  <leader>01690nam0a22003251i 450 </leader>
  <controlfield tag="001">IT\ICCU\CNCE\058056</controlfield>
  <controlfield tag="005">20140131000000.0</controlfield>
  <datafield tag="012" ind1=" " ind2=" ">
    <subfield code="a">i-os e-o- n-m, core (3) 1593 (R)</subfield>
    <subfield code="2">fei</subfield>
  </datafield>
  <datafield tag="100" ind1=" " ind2=" ">
    <subfield code="a">20040507d1593        0itac0103    ba</subfield>
  </datafield>
  <datafield tag="101" ind1=" " ind2=" ">
    <subfield code="a">LAT</subfield>
  </datafield>
  <datafield tag="102" ind1=" " ind2=" ">
    <subfield code="a">IT</subfield>
  </datafield>
  <datafield tag="200" ind1="1" ind2=" ">
    <subfield code="a">Responsa quibus absterguntur conuitia et maledicta cuiusdam Equitis Poloni ac nonnullorum misanthropum contra Iesuitas alias impressa Cracouiae affixo titulo Spongiae; nuper vero a doct. Oliuerio Panizzono Sacco patritio Alexandrino ad magis reprimendam maledicorum licentiam typographo consignata</subfield>
  </datafield>
  <datafield tag="210" ind1=" " ind2=" ">
    <subfield code="a">Alexandriae</subfield>
    <subfield code="c">typis Herculis Quintiani</subfield>
    <subfield code="d">1593</subfield>
  </datafield>
  <datafield tag="215" ind1=" " ind2=" ">
    <subfield code="a">\4!, 68 c.</subfield>
    <subfield code="d">4ʻ</subfield>
  </datafield>
  <datafield tag="620" ind1=" " ind2=" ">
    <subfield code="a">IT</subfield>
    <subfield code="d">Alessandria</subfield>
  </datafield>
  <datafield tag="700" ind1=" " ind2="1">
    <subfield code="a">Reszka,</subfield>
    <subfield code="b">Stanislaw</subfield>
    <subfield code="3">IT\ICCU\CNCA\006764</subfield>
  </datafield>
  <datafield tag="702" ind1=" " ind2="1">
    <subfield code="a">Panizzone Sacco,</subfield>
    <subfield code="b">Olivero</subfield>
    <subfield code="3">IT\ICCU\CNCA\010122</subfield>
  </datafield>
  <datafield tag="712" ind1="0" ind2="0">
    <subfield code="a">Quinciano, Ercole</subfield>
    <subfield code="3">IT\ICCU\CNCT\000572</subfield>
    <subfield code="4">650</subfield>
  </datafield>
  <datafield tag="790" ind1=" " ind2="1">
    <subfield code="a">Rescius,</subfield>
    <subfield code="b">Stanislaus</subfield>
    <subfield code="3">IT\ICCU\CNCA\006896</subfield>
    <subfield code="z">Reszka, Stanislaw</subfield>
  </datafield>
  <datafield tag="790" ind1=" " ind2="1">
    <subfield code="a">Panizzonus Saccus,</subfield>
    <subfield code="b">Oliverius</subfield>
    <subfield code="3">IT\ICCU\CNCA\022144</subfield>
    <subfield code="z">Panizzone Sacco, Olivero</subfield>
  </datafield>
  <datafield tag="791" ind1="0" ind2="0">
    <subfield code="a">Quinzano, Ercole</subfield>
    <subfield code="3">IT\ICCU\CNCT\002540</subfield>
    <subfield code="z">Quinciano, Ercole</subfield>
  </datafield>
  <datafield tag="791" ind1="0" ind2="0">
    <subfield code="a">Quintanus, Hercules</subfield>
    <subfield code="3">IT\ICCU\CNCT\004063</subfield>
    <subfield code="z">Quinciano, Ercole</subfield>
  </datafield>
  <datafield tag="791" ind1="0" ind2="0">
    <subfield code="a">Quinctianus, Hercules</subfield>
    <subfield code="3">IT\ICCU\CNCT\005272</subfield>
    <subfield code="z">Quinciano, Ercole</subfield>
  </datafield>
  <datafield tag="791" ind1="0" ind2="0">
    <subfield code="a">Quintiano, Ercole</subfield>
    <subfield code="3">IT\ICCU\CNCT\005273</subfield>
    <subfield code="z">Quinciano, Ercole</subfield>
  </datafield>
  <datafield tag="801" ind1=" " ind2="3">
    <subfield code="a">IT</subfield>
    <subfield code="b">ICCU</subfield>
    <subfield code="c">20201115</subfield>
  </datafield>
  <datafield tag="899" ind1=" " ind2=" ">
    <subfield code="a">Biblioteca universitaria. Genova</subfield>
    <subfield code="1">GE0038</subfield>
    <subfield code="2">LIG 01</subfield>
  </datafield>
  <datafield tag="899" ind1=" " ind2=" ">
    <subfield code="a">Biblioteca nazionale Braidense. Milano</subfield>
    <subfield code="1">MI0185</subfield>
    <subfield code="2">MIL NB</subfield>
  </datafield>
  <datafield tag="899" ind1=" " ind2=" ">
    <subfield code="a">Biblioteca universitaria. Pavia</subfield>
    <subfield code="1">PV0291</subfield>
    <subfield code="2">MIL UP</subfield>
  </datafield>
  <datafield tag="899" ind1=" " ind2=" ">
    <subfield code="a">Biblioteca  Panizzi. Reggio Emilia</subfield>
    <subfield code="1">RE0052</subfield>
    <subfield code="2">RE2 PA</subfield>
  </datafield>
  <datafield tag="899" ind1=" " ind2=" ">
    <subfield code="a">Biblioteca nazionale centrale. Roma</subfield>
    <subfield code="1">RM0267</subfield>
    <subfield code="2">BVE CR</subfield>
  </datafield>
</record>
</collection>
